<record><leader>00000cas a22000007a 4500</leader><controlfield tag="001">11464206</controlfield><controlfield tag="008">841207d18781878wiuwr ne      0    0eng d</controlfield><datafield ind1=" " ind2=" " tag="010"><subfield code="a">sn 84025620 </subfield></datafield><datafield ind1=" " ind2=" " tag="040"><subfield code="a">NPV</subfield><subfield code="b">eng</subfield><subfield code="c">NPV</subfield><subfield code="d">MGN</subfield><subfield code="d">OCLCQ</subfield></datafield><datafield ind1=" " ind2=" " tag="042"><subfield code="a">msc</subfield></datafield><datafield ind1="0" ind2=" " tag="130"><subfield code="a">Brown County herald (Green Bay, Wis.)</subfield></datafield><datafield ind1="1" ind2="0" tag="245"><subfield code="a">Brown County herald.</subfield></datafield><datafield ind1=" " ind2=" " tag="260"><subfield code="a">Fort Howard [i.e. Green Bay], Wis. :</subfield><subfield code="b">P.R. Proctor,</subfield><subfield code="c">1878.</subfield></datafield><datafield ind1=" " ind2=" " tag="300"><subfield code="a">v.</subfield></datafield><datafield ind1=" " ind2=" " tag="310"><subfield code="a">Weekly</subfield></datafield><datafield ind1="0" ind2=" " tag="362"><subfield code="a">Vol. 6, no. 274 (Mar. 7, 1878)-v. 6, no. 303 (Sept. 26, 1878).</subfield></datafield><datafield ind1=" " ind2=" " tag="752"><subfield code="a">United States</subfield><subfield code="b">Wisconsin</subfield><subfield code="c">Brown</subfield><subfield code="d">Green Bay.</subfield></datafield><datafield ind1="0" ind2="0" tag="780"><subfield code="t">Fort Howard herald, and general advertiser for Brown County</subfield><subfield code="w">(DLC)sn 84025607</subfield></datafield><datafield ind1="0" ind2="7" tag="785"><subfield code="t">De Pere news (De Pere, Wis. : 1871)</subfield><subfield code="w">(DLC)sn 84024381</subfield></datafield><datafield ind1="0" ind2="7" tag="785"><subfield code="t">De Pere news and Brown County herald</subfield><subfield code="w">(DLC)sn 87082870</subfield></datafield><datafield ind1="1" ind2=" " tag="029"><subfield code="a">AU@</subfield><subfield code="b">000025836465</subfield></datafield></record>